@incollection{palais2000generalized,
  title={A generalized Morse theory},
  author={Palais, RS and Smale, S},
  booktitle={The Collected Papers of Stephen Smale: Volume 2},
  pages={503--510},
  year={2000}
}

@inproceedings{von2012clustering,
  title={Clustering: Science or art?},
  author={Von Luxburg, Ulrike and Williamson, Robert C and Guyon, Isabelle},
  booktitle={Proceedings of ICML workshop on unsupervised and transfer learning},
  pages={65--79},
  year={2012},
  organization={JMLR Workshop and Conference Proceedings}
}


@article{carr2003computing,
  title={Computing contour trees in all dimensions},
  author={Carr, Hamish and Snoeyink, Jack and Axen, Ulrike},
  journal={Computational Geometry},
  volume={24},
  number={2},
  pages={75--94},
  year={2003},
  publisher={Elsevier}
}

@article{salch2021mathematics,
  title={From mathematics to medicine: A practical primer on topological data analysis (TDA) and the development of related analytic tools for the functional discovery of latent structure in fMRI data},
  author={Salch, Andrew and Regalski, Adam and Abdallah, Hassan and Suryadevara, Raviteja and Catanzaro, Michael J and Diwadkar, Vaibhav A},
  journal={PloS one},
  volume={16},
  number={8},
  pages={e0255859},
  year={2021},
  publisher={Public Library of Science San Francisco, CA USA}
}
@article{topaz2015topological,
  title={Topological data analysis of biological aggregation models},
  author={Topaz, Chad M and Ziegelmeier, Lori and Halverson, Tom},
  journal={PloS one},
  volume={10},
  number={5},
  pages={e0126383},
  year={2015},
  publisher={Public Library of Science San Francisco, CA USA}
}

@article{savic2017topological,
  title={Topological data analysis (TDA) applied to reveal pedogenetic principles of European topsoil system},
  author={Savic, Aleksandar and Toth, Gergely and Duponchel, Ludovic},
  journal={Science of the Total Environment},
  volume={586},
  pages={1091--1100},
  year={2017},
  publisher={Elsevier}
}

@article{xian2020capturing,
  title={Capturing dynamics of time-varying data via topology},
  author={Xian, Lu and Adams, Henry and Topaz, Chad M and Ziegelmeier, Lori},
  journal={arXiv preprint arXiv:2010.05780},
  year={2020}
}

@inproceedings{eldridge2015beyond,
  title={Beyond hartigan consistency: Merge distortion metric for hierarchical clustering},
  author={Eldridge, Justin and Belkin, Mikhail and Wang, Yusu},
  booktitle={Conference on Learning Theory},
  pages={588--606},
  year={2015},
  organization={PMLR}
}

@inproceedings{chaudhuri2010rates,
  title={Rates of convergence for the cluster tree.},
  author={Chaudhuri, Kamalika and Dasgupta, Sanjoy},
  booktitle={NIPS},
  pages={343--351},
  year={2010},
  organization={Citeseer}
}

@article{chazal2021introduction,
  title={An introduction to topological data analysis: fundamental and practical aspects for data scientists},
  author={Chazal, Fr{\'e}d{\'e}ric and Michel, Bertrand},
  journal={Frontiers in Artificial Intelligence},
  volume={4},
  year={2021},
  publisher={Frontiers Media SA}
}

@article{chazal2013persistence,
  title={Persistence-based clustering in Riemannian manifolds},
  author={Chazal, Fr{\'e}d{\'e}ric and Guibas, Leonidas J and Oudot, Steve Y and Skraba, Primoz},
  journal={Journal of the ACM (JACM)},
  volume={60},
  number={6},
  pages={1--38},
  year={2013},
  publisher={ACM New York, NY, USA}
}

@article{hartigan1981consistency,
  title={Consistency of single linkage for high-density clusters},
  author={Hartigan, John A},
  journal={Journal of the American Statistical Association},
  volume={76},
  number={374},
  pages={388--394},
  year={1981},
  publisher={Taylor \& Francis}
}

@article{hartigan1975printer,
  title={Printer graphics for clustering},
  author={Hartigan, John A},
  journal={Journal of Statistical Computation and Simulation},
  volume={4},
  number={3},
  pages={187--213},
  year={1975},
  publisher={Taylor \& Francis}
}

@inproceedings{reynolds1987flocks,
  title={Flocks, herds and schools: A distributed behavioral model},
  author={Reynolds, Craig W},
  booktitle={Proceedings of the 14th annual conference on Computer graphics and interactive techniques},
  pages={25--34},
  year={1987}
}

@article{oesterling2011visualization,
  title={Visualization of high-dimensional point clouds using their density distribution's topology},
  author={Oesterling, Patrick and Heine, Christian and Janicke, Heike and Scheuermann, Gerik and Heyer, Gerhard},
  journal={IEEE Transactions on Visualization and Computer Graphics},
  volume={17},
  number={11},
  pages={1547--1559},
  year={2011},
  publisher={IEEE}
}

@article{carlsson2010characterization,
  title={Characterization, stability and convergence of hierarchical clustering methods.},
  author={Carlsson, Gunnar E and M{\'e}moli, Facundo and others},
  journal={J. Mach. Learn. Res.},
  volume={11},
  number={Apr},
  pages={1425--1470},
  year={2010}
}

@article{cook1997theory,
  title={Theory and computational methods for dynamic projections in high-dimensional data visualization},
  author={COOK, ANDREAS BUJA1 DIANNE and ASIMOV, DANIEL and HURLEY, CATHERINE},
  journal={Journal of computational and graphical statistics},
  year={1997},
  publisher={Citeseer}
}

@article{church1979look,
  title={How to look at data: A review of John W. Tukey's Exploratory Data Analysis},
  author={Church, Russell M},
  journal={Journal of the experimental analysis of behavior},
  volume={31},
  number={3},
  pages={433},
  year={1979},
  publisher={Society for the Experimental Analysis of Behavior}
}

@article{jebb2017exploratory,
  title={Exploratory data analysis as a foundation of inductive research},
  author={Jebb, Andrew T and Parrigon, Scott and Woo, Sang Eun},
  journal={Human Resource Management Review},
  volume={27},
  number={2},
  pages={265--276},
  year={2017},
  publisher={Elsevier}
}

@article{lee1988thirteen,
  title={Thirteen ways to look at the correlation coefficient},
  author={Lee Rodgers, Joseph and Nicewander, W Alan},
  journal={The American Statistician},
  volume={42},
  number={1},
  pages={59--66},
  year={1988},
  publisher={Taylor \& Francis}
}

@article{van2009dimensionality,
  title={Dimensionality reduction: a comparative},
  author={Van Der Maaten, Laurens and Postma, Eric and Van den Herik, Jaap and others},
  journal={J Mach Learn Res},
  volume={10},
  number={66-71},
  pages={13},
  year={2009}
}

@article{rieck2012multivariate,
  title={Multivariate data analysis using persistence-based filtering and topological signatures},
  author={Rieck, Bastian and Mara, Hubert and Leitte, Heike},
  journal={IEEE Transactions on Visualization and Computer Graphics},
  volume={18},
  number={12},
  pages={2382--2391},
  year={2012},
  publisher={IEEE}
}
@article{kim2021spatiotemporal,
  title={Spatiotemporal persistent homology for dynamic metric spaces},
  author={Kim, Woojin and M{\'e}moli, Facundo},
  journal={Discrete \& Computational Geometry},
  volume={66},
  number={3},
  pages={831--875},
  year={2021},
  publisher={Springer}
}

@article{suh2019persistent,
  title={Persistent homology guided force-directed graph layouts},
  author={Suh, Ashley and Hajij, Mustafa and Wang, Bei and Scheidegger, Carlos and Rosen, Paul},
  journal={IEEE transactions on visualization and computer graphics},
  volume={26},
  number={1},
  pages={697--707},
  year={2019},
  publisher={IEEE}
}

@article{carlsson2010classifying,
  title={Classifying clustering schemes},
  author={Carlsson, Gunnar and Memoli, Facundo},
  journal={arXiv preprint arXiv:1011.5270},
  year={2010}
}